@book{Birdsall ,
author = {C.K. Birdsall, A.B. Langdon},
title = {Plasma Physics via Computer Simulation},
edition = {1st},
publisher = {CRC Press},
year = {2004}
}

@article{PPPLReport,
author = {Qin, Hong and Zhang, Shuangxi and Xiao, Jianyuan and Liu, Jian and Sun, Yajuan and Tang, William},
year = {2013},
month = {08},
pages = {},
title = {Why is Boris algorithm so good?},
volume = {20},
journal = {Physics of Plasmas},
doi = {10.1063/1.4818428}
}

@book{Stacey ,
author = {Weston M. Stacey},
title = {Fusion: An Introduction to the Physics and Technology of Magnetic Confinement Fusion},
edition = {2nd},
publisher = {Wiley},
year = {2010}
}
